<?xml version="1.0" encoding="UTF-8"?><collection xmlns="http://www.loc.gov/MARC21/slim"><record><leader>00600nam--2200181-i-4500</leader><controlfield tag="001">000040107</controlfield><controlfield tag="002">20161230</controlfield><controlfield tag="005">20161230201042</controlfield><controlfield tag="008">060222s1000------------r-----000-0-fre-d</controlfield><datafield ind1=" " ind2=" " tag="040"><subfield code="a">IFIN-HH</subfield></datafield><datafield ind1=" " ind2=" " tag="041"><subfield code="a">fre</subfield></datafield><datafield ind1=" " ind2=" " tag="080"><subfield code="a">539.12.162.6/7:539.172.12/16(043)</subfield></datafield><datafield ind1="1" ind2=" " tag="100"><subfield code="a">Saint-laurent,Francois</subfield></datafield><datafield ind1="1" ind2="0" tag="245"><subfield code="a">Etude par mesure du transfer d`impulsion des mecanismes de reaction induite des particules legeres (p,d, ) entre 70 et 1000 mev</subfield><subfield code="b">These</subfield><subfield code="c">Francois saint-laurent</subfield></datafield><datafield ind1=" " ind2=" " tag="260"><subfield code="a">Orsay</subfield><subfield code="b">Universite De Paris-sud</subfield><subfield code="c">1983</subfield></datafield><datafield ind1=" " ind2=" " tag="300"><subfield code="a">141 P</subfield></datafield><datafield ind1=" " ind2=" " tag="852"><subfield code="a">71853</subfield><subfield code="c">539.12</subfield></datafield><datafield ind1=" " ind2=" " tag="CAT"><subfield code="a">Sys</subfield><subfield code="c">20120109</subfield><subfield code="h">170123</subfield></datafield></record></collection>